@article{김용남2009자동기상관측시스템을,
  title={자동기상관측시스템을 활용한 실시간 기상 관측 자료 제공 웹 페이지 개발},
  author={김용남 and 성기홍 and 홍정희 and 강동일},
  journal={한국지구과학회지},
  volume={30},
  number={4},
  pages={478--484},
  year={2009}
}
